@article{lhcb2000technical,
  title={Technical Design Report},
  author={LHCb, RICH},
  journal={CERN/LHCC},
  volume={37},
  pages={2000},
  year={2000}
}
@article{corti2006software,
  title={Software for the LHCb experiment},
  author={Corti, G and Cattaneo, M and Charpentier, Ph and Frank, M and Koppenburg, P and Mato, Pere and Ranjard, Florence and Roiser, Stefan and Belyaev, Ivan and Barrand, Guy},
  journal={IEEE transactions on nuclear science},
  volume={53},
  number={3},
  pages={1323--1328},
  year={2006},
  publisher={IEEE}
}
@article{barrand2001gaudi,
  title={GAUDI - A software architecture and framework for building HEP data processing applications},
  author={Barrand, G and Belyaev, I and Binko, P and Cattaneo, M and Chytracek, R and Corti, G and Frank, M and Gracia, G and Harvey, J and Van Herwijnen, E and others},
  journal={Computer Physics Communications},
  volume={140},
  number={1},
  pages={45--55},
  year={2001},
  publisher={Elsevier}
}
@inproceedings{benson2015lhcb,
  title={The LHCb turbo stream},
  author={Benson, S and Gligorov, V and Vesterinen, M A and Williams, J M},
  booktitle={Journal of Physics: Conference Series},
  volume={664},
  number={8},
  pages={082004},
  year={2015},
  organization={IOP Publishing}
}

@inproceedings{corti2015monte,
  title={How the Monte Carlo production of a wide variety of different samples is centrally handled in the LHCb experiment},
  author={Corti, G and Charpentier, Ph and Clemencic, M and Closier, J and Couturier, B and Kreps, M and M{\`a}th{\`e}, Z and Oâ€™Hanlon, D and Robbe, P and Romanovsky, V and others},
  booktitle={Journal of Physics: Conference Series},
  volume={664},
  number={7},
  pages={072014},
  year={2015},
  organization={IOP Publishing}
}
@misc{dallmeiercern,
  title={CERN analysis preservation (CAP)-Use Cases (2015)},
  author={Dallmeier Tiessen, S and Herterich, P and Igo-Kemenes, P and {\v{S}}imko, T and Smith, T}
}

@book{holovaty2009definitive,
  title={The definitive guide to Django: Web development done right},
  author={Holovaty, Adrian and Kaplan-Moss, Jacob},
  year={2009},
  publisher={Apress}
}

@misc{jakl2005representational,
  title={Representational state transfer},
  author={Jakl, M},
  year={2005},
  publisher={Citeseer}
}


@inproceedings{buncic2010cernvm,
  title={CernVM--a virtual software appliance for LHC applications},
  author={Buncic, P and Sanchez, C A and Blomer, J and Franco, L and Harutyunian, A and Mato, P and Yao, Y},
  booktitle={Journal of Physics: Conference Series},
  volume={219},
  number={4},
  pages={042003},
  year={2010},
  organization={IOP Publishing}
}
@article{simmhan2005survey,
  title={A survey of data provenance in e-science},
  author={Simmhan, Y L and Plale, B and Gannon, D},
  journal={ACM Sigmod Record},
  volume={34},
  number={3},
  pages={31--36},
  year={2005},
  publisher={ACM}
}
@techreport{shiers2016cern,
  title={CERN Services for Long Term Data Preservation},
  author={Shiers, J and Berghaus, F O and Cancio Melia, G and Blomer, J and Dallmeier-Tiessen, S and Ganis, G and Simko, T},
  year={2016}
}